<?xml version="1.0" encoding="UTF-8"?>
  <record xmlns="http://www.loc.gov/MARC21/slim" type="Authority">
    <leader>00000nz  a2200000nc 4500</leader>
    <controlfield tag="001">10425422X</controlfield>
    <controlfield tag="003">DE-101</controlfield>
    <controlfield tag="005">20190918103035.0</controlfield>
    <controlfield tag="008">960828n||aznnnaabn           | aaa    |c</controlfield>
    <datafield tag="024" ind1="7" ind2=" ">
      <subfield code="a">10425422X</subfield>
      <subfield code="0">http://d-nb.info/gnd/10425422X</subfield>
      <subfield code="2">gnd</subfield>
    </datafield>
    <datafield tag="035" ind1=" " ind2=" ">
      <subfield code="a">(DE-101)10425422X</subfield>
    </datafield>
    <datafield tag="035" ind1=" " ind2=" ">
      <subfield code="a">(DE-588)10425422X</subfield>
    </datafield>
    <datafield tag="035" ind1=" " ind2=" ">
      <subfield code="z">(DE-588)1053461976</subfield>
    </datafield>
    <datafield tag="035" ind1=" " ind2=" ">
      <subfield code="z">(DE-588)1053438850</subfield>
    </datafield>
    <datafield tag="035" ind1=" " ind2=" ">
      <subfield code="z">(DE-588a)10425422X</subfield>
      <subfield code="9">v:zg</subfield>
    </datafield>
    <datafield tag="035" ind1=" " ind2=" ">
      <subfield code="z">(DE-588a)139481583</subfield>
    </datafield>
    <datafield tag="040" ind1=" " ind2=" ">
      <subfield code="a">DE-12</subfield>
      <subfield code="c">DE-12</subfield>
      <subfield code="9">r:DE-12</subfield>
      <subfield code="b">ger</subfield>
      <subfield code="d">0547</subfield>
    </datafield>
    <datafield tag="042" ind1=" " ind2=" ">
      <subfield code="a">gnd1</subfield>
    </datafield>
    <datafield tag="043" ind1=" " ind2=" ">
      <subfield code="c">XA-DE</subfield>
    </datafield>
    <datafield tag="075" ind1=" " ind2=" ">
      <subfield code="b">p</subfield>
      <subfield code="2">gndgen</subfield>
    </datafield>
    <datafield tag="075" ind1=" " ind2=" ">
      <subfield code="b">piz</subfield>
      <subfield code="2">gndspec</subfield>
    </datafield>
    <datafield tag="079" ind1=" " ind2=" ">
      <subfield code="a">g</subfield>
      <subfield code="q">a</subfield>
      <subfield code="q">f</subfield>
      <subfield code="q">d</subfield>
      <subfield code="q">z</subfield>
      <subfield code="u">k</subfield>
      <subfield code="u">v</subfield>
    </datafield>
    <datafield tag="100" ind1="0" ind2=" ">
      <subfield code="a">Heinrich</subfield>
      <subfield code="b">I.</subfield>
      <subfield code="c">Reuß-Schleiz, Graf</subfield>
      <subfield code="d">1639-1692</subfield>
    </datafield>
    <datafield tag="375" ind1=" " ind2=" ">
      <subfield code="a">1</subfield>
      <subfield code="2">iso5218</subfield>
    </datafield>
    <datafield tag="400" ind1="0" ind2=" ">
      <subfield code="a">Heinrich</subfield>
      <subfield code="b">I.</subfield>
      <subfield code="c">Reuss-Schleiz, Graf</subfield>
      <subfield code="d">1639-1692</subfield>
    </datafield>
    <datafield tag="400" ind1="0" ind2=" ">
      <subfield code="a">Reuss-Schleiz</subfield>
      <subfield code="b">I.</subfield>
      <subfield code="c">Heinrich, Graf</subfield>
      <subfield code="d">1639-1692</subfield>
    </datafield>
    <datafield tag="400" ind1="0" ind2=" ">
      <subfield code="a">Heinrich</subfield>
      <subfield code="b">I.</subfield>
      <subfield code="c">Reuß-Gera, Graf</subfield>
      <subfield code="d">1639-1692</subfield>
    </datafield>
    <datafield tag="400" ind1="0" ind2=" ">
      <subfield code="a">Heinrich</subfield>
      <subfield code="b">I.</subfield>
      <subfield code="c">Reuss-Gera, Graf</subfield>
      <subfield code="d">1639-1692</subfield>
    </datafield>
    <datafield tag="400" ind1="0" ind2=" ">
      <subfield code="a">Heinrich</subfield>
      <subfield code="b">I.</subfield>
      <subfield code="c">Reuß-Saalburg, Graf</subfield>
      <subfield code="d">1639-1692</subfield>
    </datafield>
    <datafield tag="400" ind1="0" ind2=" ">
      <subfield code="a">Heinrich</subfield>
      <subfield code="b">I.</subfield>
      <subfield code="c">Reuß, j. L., Graf</subfield>
      <subfield code="d">1639-1692</subfield>
    </datafield>
    <datafield tag="400" ind1="0" ind2=" ">
      <subfield code="a">Heinrich</subfield>
      <subfield code="b">I.</subfield>
      <subfield code="c">Reuss, Jüngere Linie Gera, Graf</subfield>
      <subfield code="d">1639-1692</subfield>
    </datafield>
    <datafield tag="400" ind1="0" ind2=" ">
      <subfield code="a">Heinrich</subfield>
      <subfield code="b">I.</subfield>
      <subfield code="c">Reuß, Jüngere Linie, Graf</subfield>
      <subfield code="d">1639-1692</subfield>
    </datafield>
    <datafield tag="400" ind1="0" ind2=" ">
      <subfield code="a">Heinrich</subfield>
      <subfield code="b">I.</subfield>
      <subfield code="c">Reuss-Greiz, Graf</subfield>
      <subfield code="d">1639-1692</subfield>
    </datafield>
    <datafield tag="400" ind1="0" ind2=" ">
      <subfield code="a">Heinrich</subfield>
      <subfield code="b">I.</subfield>
      <subfield code="c">Reuß-Plauen, Graf</subfield>
      <subfield code="d">1639-1692</subfield>
    </datafield>
    <datafield tag="400" ind1="0" ind2=" ">
      <subfield code="a">Heinrich</subfield>
      <subfield code="b">I.</subfield>
      <subfield code="c">Reuss-Plauen, Graf</subfield>
      <subfield code="d">1639-1692</subfield>
    </datafield>
    <datafield tag="400" ind1="1" ind2=" ">
      <subfield code="a">Reuss zu Plauen, Heinrich</subfield>
      <subfield code="d">1639-1692</subfield>
    </datafield>
    <datafield tag="400" ind1="1" ind2=" ">
      <subfield code="a">Reuss, Heinrich</subfield>
      <subfield code="d">1639-1692</subfield>
    </datafield>
    <datafield tag="400" ind1="1" ind2=" ">
      <subfield code="a">Reuss, Heinrich &#152;von&#156;</subfield>
      <subfield code="c">der Erste</subfield>
      <subfield code="d">1639-1692</subfield>
    </datafield>
    <datafield tag="400" ind1="1" ind2=" ">
      <subfield code="a">Reuss, Heinrich</subfield>
      <subfield code="b">I.</subfield>
      <subfield code="d">1639-1692</subfield>
    </datafield>
    <datafield tag="400" ind1="1" ind2=" ">
      <subfield code="a">Reuss-Schleiz, Heinrich &#152;von&#156;</subfield>
      <subfield code="c">I.</subfield>
      <subfield code="d">1639-1692</subfield>
    </datafield>
    <datafield tag="500" ind1="0" ind2=" ">
      <subfield code="0">(DE-101)137703996</subfield>
      <subfield code="0">(DE-588)137703996</subfield>
      <subfield code="0">https://d-nb.info/gnd/137703996</subfield>
      <subfield code="a">Heinrich</subfield>
      <subfield code="b">III., 1603-1640</subfield>
      <subfield code="c">Reuß-Gera, Graf</subfield>
      <subfield code="d">1603-1640</subfield>
      <subfield code="4">bezf</subfield>
      <subfield code="4">https://d-nb.info/standards/elementset/gnd#familialRelationship</subfield>
      <subfield code="w">r</subfield>
      <subfield code="i">Beziehung familiaer</subfield>
      <subfield code="e">Beziehung familiaer</subfield>
      <subfield code="9">v:Vater</subfield>
    </datafield>
    <datafield tag="500" ind1="0" ind2=" ">
      <subfield code="0">(DE-101)104254238</subfield>
      <subfield code="0">(DE-588)104254238</subfield>
      <subfield code="0">https://d-nb.info/gnd/104254238</subfield>
      <subfield code="a">Heinrich</subfield>
      <subfield code="b">XI.</subfield>
      <subfield code="c">Reuß-Schleiz, Graf</subfield>
      <subfield code="d">1669-1726</subfield>
      <subfield code="4">bezf</subfield>
      <subfield code="4">https://d-nb.info/standards/elementset/gnd#familialRelationship</subfield>
      <subfield code="w">r</subfield>
      <subfield code="i">Beziehung familiaer</subfield>
      <subfield code="e">Beziehung familiaer</subfield>
      <subfield code="9">v:Sohn</subfield>
    </datafield>
    <datafield tag="500" ind1="0" ind2=" ">
      <subfield code="0">(DE-101)130132365</subfield>
      <subfield code="0">(DE-588)130132365</subfield>
      <subfield code="0">https://d-nb.info/gnd/130132365</subfield>
      <subfield code="a">Heinrich</subfield>
      <subfield code="b">XXIV.</subfield>
      <subfield code="c">Reuß-Köstritz, Graf</subfield>
      <subfield code="d">1681-1748</subfield>
      <subfield code="4">bezf</subfield>
      <subfield code="4">https://d-nb.info/standards/elementset/gnd#familialRelationship</subfield>
      <subfield code="w">r</subfield>
      <subfield code="i">Beziehung familiaer</subfield>
      <subfield code="e">Beziehung familiaer</subfield>
      <subfield code="9">v:Sohn</subfield>
    </datafield>
    <datafield tag="548" ind1=" " ind2=" ">
      <subfield code="a">1639-1692</subfield>
      <subfield code="4">datl</subfield>
      <subfield code="4">https://d-nb.info/standards/elementset/gnd#dateOfBirthAndDeath</subfield>
      <subfield code="w">r</subfield>
      <subfield code="i">Lebensdaten</subfield>
    </datafield>
    <datafield tag="548" ind1=" " ind2=" ">
      <subfield code="a">26.03.1639-18.03.1692</subfield>
      <subfield code="4">datx</subfield>
      <subfield code="4">https://d-nb.info/standards/elementset/gnd#dateOfBirthAndDeath</subfield>
      <subfield code="w">r</subfield>
      <subfield code="i">Exakte Lebensdaten</subfield>
    </datafield>
    <datafield tag="551" ind1=" " ind2=" ">
      <subfield code="0">(DE-101)043251250</subfield>
      <subfield code="0">(DE-588)4325125-0</subfield>
      <subfield code="0">https://d-nb.info/gnd/4325125-0</subfield>
      <subfield code="a">Schleiz</subfield>
      <subfield code="4">ortg</subfield>
      <subfield code="4">https://d-nb.info/standards/elementset/gnd#placeOfBirth</subfield>
      <subfield code="w">r</subfield>
      <subfield code="i">Geburtsort</subfield>
    </datafield>
    <datafield tag="551" ind1=" " ind2=" ">
      <subfield code="0">(DE-101)043202179</subfield>
      <subfield code="0">(DE-588)4320217-2</subfield>
      <subfield code="0">https://d-nb.info/gnd/4320217-2</subfield>
      <subfield code="a">Bad Köstritz</subfield>
      <subfield code="4">orts</subfield>
      <subfield code="4">https://d-nb.info/standards/elementset/gnd#placeOfDeath</subfield>
      <subfield code="w">r</subfield>
      <subfield code="i">Sterbeort</subfield>
    </datafield>
    <datafield tag="670" ind1=" " ind2=" ">
      <subfield code="a">Europ. Stammtaf., 170</subfield>
    </datafield>
    <datafield tag="670" ind1=" " ind2=" ">
      <subfield code="a">Schwennicke, Europ. Stammtafeln, N.F., Bd. I.3, Taf. 362</subfield>
    </datafield>
    <datafield tag="670" ind1=" " ind2=" ">
      <subfield code="a">Knauer, Johann, Liebliches Friedens-Echo, Gera [Leichenpredigt]</subfield>
    </datafield>
    <datafield tag="678" ind1=" " ind2=" ">
      <subfield code="b">Reuß von Plauen, Herr zu Gera (1640-1647), Herr zu Schleiz, Lobenstein und Saalburg (1640-1647), Herr zu Saalburg (1647-1666), Herr und Graf (26. August 1673) zu Schleiz (1666-1692); verheiratet 1. mit Esther von Hardegg, 2. mit Maximiliane von Hardegg, 3. mit Anna Elisabeth von Sinzendorf</subfield>
    </datafield>
    <datafield tag="913" ind1=" " ind2=" ">
      <subfield code="S">pnd</subfield>
      <subfield code="i">5</subfield>
      <subfield code="a">Heinrich &lt;Reuß-Schleiz, Graf, I.&gt;</subfield>
      <subfield code="0">(DE-588a)10425422X</subfield>
    </datafield>
  </record>
